<record><leader>00000cas a22000007a 4500</leader><controlfield tag="001">12389488</controlfield><controlfield tag="008">850815d19791984wiuwr ne      0    0eng d</controlfield><datafield ind1=" " ind2=" " tag="010"><subfield code="a">sn 85040924 </subfield></datafield><datafield ind1=" " ind2=" " tag="040"><subfield code="a">NPV</subfield><subfield code="b">eng</subfield><subfield code="c">NPV</subfield><subfield code="d">OCLCQ</subfield></datafield><datafield ind1=" " ind2=" " tag="042"><subfield code="a">msc</subfield></datafield><datafield ind1=" " ind2=" " tag="045"><subfield code="a">x7x8</subfield></datafield><datafield ind1=" " ind2=" " tag="052"><subfield code="a">4123</subfield><subfield code="b">B7</subfield><subfield code="b">M2</subfield></datafield><datafield ind1="0" ind2="4" tag="245"><subfield code="a">The Midweek lakeshore chronicle.</subfield></datafield><datafield ind1="3" ind2="0" tag="246"><subfield code="a">Chronicle</subfield></datafield><datafield ind1="1" ind2="7" tag="246"><subfield code="a">Mid-week lakeshore chronicle</subfield></datafield><datafield ind1="1" ind2="3" tag="246"><subfield code="a">Lakeshore chronicle</subfield></datafield><datafield ind1=" " ind2=" " tag="260"><subfield code="a">Denmark, Wis. :</subfield><subfield code="b">Brown County Pub.,</subfield><subfield code="c">1979-1984.</subfield></datafield><datafield ind1=" " ind2=" " tag="300"><subfield code="a">6 v. :</subfield><subfield code="b">ill.</subfield></datafield><datafield ind1=" " ind2=" " tag="310"><subfield code="a">Weekly</subfield></datafield><datafield ind1="0" ind2=" " tag="362"><subfield code="a">Vol. 8, no. 45 (Jan. 3, 1979)-v. 13, no. 30 (Sept. 26, 1984).</subfield></datafield><datafield ind1=" " ind2=" " tag="500"><subfield code="a">Publisher varies.</subfield></datafield><datafield ind1=" " ind2=" " tag="500"><subfield code="a">Published in Denmark, Wis., Jan. 3, 1979-July 16, 1980; in Two Rivers, Wis., July 23, 1980-Sept. 26, 1984.</subfield></datafield><datafield ind1=" " ind2=" " tag="500"><subfield code="a">Editors: L. Vogels, May 30-Sept. 12, 1979; C.H. Zipperer, Sept. 19, 1979-Aug. 13, 1980; P. Zahorik, July 8, 1981-Sept. 26, 1984.</subfield></datafield><datafield ind1=" " ind2=" " tag="530"><subfield code="a">Available on microfilm from The State Historical Society of Wisconsin.</subfield></datafield><datafield ind1=" " ind2=" " tag="752"><subfield code="a">United States</subfield><subfield code="b">Wisconsin</subfield><subfield code="c">Brown</subfield><subfield code="d">Denmark.</subfield></datafield><datafield ind1=" " ind2=" " tag="752"><subfield code="a">United States</subfield><subfield code="b">Wisconsin</subfield><subfield code="c">Manitowoc</subfield><subfield code="d">Two Rivers.</subfield></datafield><datafield ind1="0" ind2=" " tag="775"><subfield code="t">Sunday lakeshore chronicle</subfield><subfield code="w">(DLC)sn 85040923</subfield></datafield><datafield ind1="0" ind2="7" tag="785"><subfield code="t">Sunday lakeshore chronicle</subfield><subfield code="w">(DLC)sn 85040923</subfield></datafield><datafield ind1="0" ind2="7" tag="785"><subfield code="t">Lakeshore chronicle</subfield><subfield code="w">(DLC)sn 85040925</subfield></datafield></record>